<record><leader>00000cas a22000007a 4500</leader><controlfield tag="001">28924994</controlfield><controlfield tag="008">931001d197u1981mouwr ne      0    0eng d</controlfield><datafield ind1=" " ind2=" " tag="010"><subfield code="a">sn 93060406 </subfield></datafield><datafield ind1=" " ind2=" " tag="040"><subfield code="a">MQN</subfield><subfield code="b">eng</subfield><subfield code="c">MQN</subfield><subfield code="d">OCLCQ</subfield><subfield code="d">OCLCF</subfield><subfield code="d">OCLCO</subfield></datafield><datafield ind1="1" ind2=" " tag="029"><subfield code="a">AU@</subfield><subfield code="b">000025865677</subfield></datafield><datafield ind1=" " ind2=" " tag="042"><subfield code="a">msc</subfield></datafield><datafield ind1=" " ind2=" " tag="043"><subfield code="a">n-us-mo</subfield></datafield><datafield ind1="0" ind2="0" tag="245"><subfield code="a">Buckner Villager.</subfield></datafield><datafield ind1=" " ind2=" " tag="260"><subfield code="a">Buckner, Mo. :</subfield><subfield code="b">George H. Hawkins</subfield></datafield><datafield ind1=" " ind2=" " tag="300"><subfield code="a">v.</subfield></datafield><datafield ind1=" " ind2=" " tag="310"><subfield code="a">Weekly</subfield></datafield><datafield ind1=" " ind2=" " tag="588"><subfield code="a">Description based on: Vol. 6, no. 32, (Aug. 21, 1980).</subfield></datafield><datafield ind1=" " ind2="0" tag="651"><subfield code="a">Buckner (Mo.)</subfield><subfield code="v">Newspapers.</subfield></datafield><datafield ind1=" " ind2="7" tag="655"><subfield code="a">Newspapers.</subfield><subfield code="2">fast</subfield><subfield code="0">(OCoLC)fst01423814</subfield></datafield><datafield ind1=" " ind2="7" tag="651"><subfield code="a">Missouri</subfield><subfield code="z">Buckner.</subfield><subfield code="2">fast</subfield><subfield code="0">(OCoLC)fst01257807</subfield></datafield><datafield ind1=" " ind2=" " tag="752"><subfield code="a">United States</subfield><subfield code="b">Missouri</subfield><subfield code="c">Jackson</subfield><subfield code="d">Buckner.</subfield></datafield><datafield ind1="0" ind2="0" tag="785"><subfield code="t">Villager (Buckner, Mo.)</subfield><subfield code="w">(DLC)sn 93060408</subfield></datafield></record>